@book{adams1995hitchhiker,
	title={The Hitchhiker's Guide to the Galaxy},
	author={Adams, D.},
	isbn={9781417642595},
	url={http://books.google.com/books?id=W-xMPgAACAAJ},
	year={1995},
	publisher={San Val}
}


@online{IAExpertAcademy,
	title = {Introdução a Lógica Fuzzy},
	date = {Sep 1, 2020},
	organization = {Youtube},
	author = {IA Expert Academy},
	url = {https://www.youtube.com/watch?v=pbe9hZcGIiU&ab_channel=IAExpertAcademy},
}

@Book{kandel1992fuzzy,
    author = {Kandel, Abraham},
    title = {Fuzzy expert systems},
    publisher = {CRC Press},
    year = {1992},
    address = {Boca Raton, FL},
    isbn = {9780849342974}
}

@Book{terano1992fuzzy,
    author = {Terano, Toshirō},
    title = {Fuzzy systems theory and its applications},
    publisher = {Academic Press},
    year = {1992},
    address = {Boston},
    isbn = {9780126852455}
}

@book{ProfVolmirWilhelm,
	title={TP034-Tópicos Especiais de Pesquisa Operacional I},
	author={Prof. Volmir Wilhelm},
	url={https://docs.ufpr.br/~volmir/Fuzzy_7.pdf},
	year={2021},
    note = {Available at \url{https://docs.ufpr.br/~volmir/Fuzzy_7.pdf}},
	publisher={UFPR, Curitiba, Paraná, Brasil}
}


